%YAML 1.1
%TAG !u! tag:unity3d.com,2011:
--- !u!1001 &100100000
Prefab:
  m_ObjectHideFlags: 1
  serializedVersion: 2
  m_Modification:
    m_TransformParent: {fileID: 0}
    m_Modifications: []
    m_RemovedComponents: []
  m_ParentPrefab: {fileID: 0}
  m_RootGameObject: {fileID: 1769117032451734}
  m_IsPrefabParent: 1
--- !u!1 &1769117032451734
GameObject:
  m_ObjectHideFlags: 0
  m_PrefabParentObject: {fileID: 0}
  m_PrefabInternal: {fileID: 100100000}
  serializedVersion: 5
  m_Component:
  - component: {fileID: 4922796721291996}
  - component: {fileID: 114749939689162136}
  - component: {fileID: 114487833654976400}
  - component: {fileID: 114092693999172546}
  - component: {fileID: 114270114019828858}
  m_Layer: 0
  m_Name: ItemsManager
  m_TagString: Untagged
  m_Icon: {fileID: 0}
  m_NavMeshLayer: 0
  m_StaticEditorFlags: 0
  m_IsActive: 1
--- !u!4 &4922796721291996
Transform:
  m_ObjectHideFlags: 1
  m_PrefabParentObject: {fileID: 0}
  m_PrefabInternal: {fileID: 100100000}
  m_GameObject: {fileID: 1769117032451734}
  m_LocalRotation: {x: -0, y: -0, z: -0, w: 1}
  m_LocalPosition: {x: 3.5015361, y: -0.23986374, z: -0.44921875}
  m_LocalScale: {x: 1, y: 1, z: 1}
  m_Children: []
  m_Father: {fileID: 0}
  m_RootOrder: 0
  m_LocalEulerAnglesHint: {x: 0, y: 0, z: 0}
--- !u!114 &114092693999172546
MonoBehaviour:
  m_ObjectHideFlags: 1
  m_PrefabParentObject: {fileID: 0}
  m_PrefabInternal: {fileID: 100100000}
  m_GameObject: {fileID: 1769117032451734}
  m_Enabled: 1
  m_EditorHideFlags: 0
  m_Script: {fileID: 11500000, guid: f58bb3155ce2246499f949b95a474b8b, type: 3}
  m_Name: 
  m_EditorClassIdentifier: 
  effects: 00000000010000000200000003000000040000000500000006000000070000000800000009000000
  randomEffect: 0
  cooldown: 0
  quantity: 11
  oneTime: 0
  player: {fileID: 0}
  itemOcarina: {fileID: 0}
--- !u!114 &114270114019828858
MonoBehaviour:
  m_ObjectHideFlags: 1
  m_PrefabParentObject: {fileID: 0}
  m_PrefabInternal: {fileID: 100100000}
  m_GameObject: {fileID: 1769117032451734}
  m_Enabled: 1
  m_EditorHideFlags: 0
  m_Script: {fileID: 11500000, guid: ff53637424614864db885ea5ab128d88, type: 3}
  m_Name: 
  m_EditorClassIdentifier: 
  cooldown: 0
  quantity: 5
  oneTime: 0
  player: {fileID: 0}
--- !u!114 &114487833654976400
MonoBehaviour:
  m_ObjectHideFlags: 1
  m_PrefabParentObject: {fileID: 0}
  m_PrefabInternal: {fileID: 100100000}
  m_GameObject: {fileID: 1769117032451734}
  m_Enabled: 1
  m_EditorHideFlags: 0
  m_Script: {fileID: 11500000, guid: 86ff901098cbfe04c9c5b0090826141c, type: 3}
  m_Name: 
  m_EditorClassIdentifier: 
  item_Scoop: {fileID: 1366400857533522, guid: 7d2686986fcec1c458defe0fffb71268, type: 2}
  quantity: 11
  oneTime: 0
  cooldown: 7
  player: {fileID: 114490030433494932, guid: 89599aae018271640be5eec5a17dccf1, type: 2}
--- !u!114 &114749939689162136
MonoBehaviour:
  m_ObjectHideFlags: 1
  m_PrefabParentObject: {fileID: 0}
  m_PrefabInternal: {fileID: 100100000}
  m_GameObject: {fileID: 1769117032451734}
  m_Enabled: 1
  m_EditorHideFlags: 0
  m_Script: {fileID: 11500000, guid: 091b54fa92849af4eb1a2477f2d8a605, type: 3}
  m_Name: 
  m_EditorClassIdentifier: 
  item_Bubble: {fileID: 1351911494072874, guid: 2c9b821c1c0734b4eb917a2755ce51d1,
    type: 2}
  quantity: 3
  oneTime: 0
  player: {fileID: 114490030433494932, guid: 89599aae018271640be5eec5a17dccf1, type: 2}
