%YAML 1.1
%TAG !u! tag:unity3d.com,2011:
--- !u!1001 &100100000
Prefab:
  m_ObjectHideFlags: 1
  serializedVersion: 2
  m_Modification:
    m_TransformParent: {fileID: 0}
    m_Modifications: []
    m_RemovedComponents: []
  m_ParentPrefab: {fileID: 0}
  m_RootGameObject: {fileID: 1969367586233660}
  m_IsPrefabParent: 1
--- !u!1 &1010244867727664
GameObject:
  m_ObjectHideFlags: 0
  m_PrefabParentObject: {fileID: 0}
  m_PrefabInternal: {fileID: 100100000}
  serializedVersion: 5
  m_Component:
  - component: {fileID: 4689620565273998}
  - component: {fileID: 58548728589919278}
  - component: {fileID: 114440861887230726}
  m_Layer: 0
  m_Name: itemThunder
  m_TagString: Thunder
  m_Icon: {fileID: 0}
  m_NavMeshLayer: 0
  m_StaticEditorFlags: 0
  m_IsActive: 1
--- !u!1 &1491975473513254
GameObject:
  m_ObjectHideFlags: 0
  m_PrefabParentObject: {fileID: 0}
  m_PrefabInternal: {fileID: 100100000}
  serializedVersion: 5
  m_Component:
  - component: {fileID: 4267937357809174}
  - component: {fileID: 108106948612839684}
  m_Layer: 0
  m_Name: Player Light
  m_TagString: Untagged
  m_Icon: {fileID: 0}
  m_NavMeshLayer: 0
  m_StaticEditorFlags: 0
  m_IsActive: 1
--- !u!1 &1908653179751684
GameObject:
  m_ObjectHideFlags: 0
  m_PrefabParentObject: {fileID: 0}
  m_PrefabInternal: {fileID: 100100000}
  serializedVersion: 5
  m_Component:
  - component: {fileID: 4487782692647618}
  - component: {fileID: 212206717809995656}
  m_Layer: 0
  m_Name: swordWeapon
  m_TagString: Untagged
  m_Icon: {fileID: 0}
  m_NavMeshLayer: 0
  m_StaticEditorFlags: 0
  m_IsActive: 0
--- !u!1 &1941356593618798
GameObject:
  m_ObjectHideFlags: 0
  m_PrefabParentObject: {fileID: 0}
  m_PrefabInternal: {fileID: 100100000}
  serializedVersion: 5
  m_Component:
  - component: {fileID: 224695454537332870}
  - component: {fileID: 58746600320673320}
  - component: {fileID: 212044722031988708}
  m_Layer: 0
  m_Name: staffWeapon
  m_TagString: Staff
  m_Icon: {fileID: 0}
  m_NavMeshLayer: 0
  m_StaticEditorFlags: 0
  m_IsActive: 1
--- !u!1 &1969367586233660
GameObject:
  m_ObjectHideFlags: 0
  m_PrefabParentObject: {fileID: 0}
  m_PrefabInternal: {fileID: 100100000}
  serializedVersion: 5
  m_Component:
  - component: {fileID: 4707772360210540}
  - component: {fileID: 212792394804026588}
  - component: {fileID: 50309450183085776}
  - component: {fileID: 114490030433494932}
  - component: {fileID: 61898622062260016}
  - component: {fileID: 61739129058502486}
  - component: {fileID: 114251545827597466}
  - component: {fileID: 114068534689299946}
  - component: {fileID: 114506875966634024}
  - component: {fileID: 114032370408113950}
  - component: {fileID: 114576847309612738}
  - component: {fileID: 114226788922194502}
  - component: {fileID: 114403298942967272}
  - component: {fileID: 114601014325258538}
  - component: {fileID: 114885105191240372}
  - component: {fileID: 95111895825308990}
  m_Layer: 0
  m_Name: Player
  m_TagString: player
  m_Icon: {fileID: 0}
  m_NavMeshLayer: 0
  m_StaticEditorFlags: 0
  m_IsActive: 1
--- !u!4 &4267937357809174
Transform:
  m_ObjectHideFlags: 1
  m_PrefabParentObject: {fileID: 0}
  m_PrefabInternal: {fileID: 100100000}
  m_GameObject: {fileID: 1491975473513254}
  m_LocalRotation: {x: -0, y: -0, z: -0, w: 1}
  m_LocalPosition: {x: -0.0071428497, y: -0.0135714235, z: -0.09285714}
  m_LocalScale: {x: 0.07142857, y: 0.07142857, z: 0.07142857}
  m_Children: []
  m_Father: {fileID: 4707772360210540}
  m_RootOrder: 0
  m_LocalEulerAnglesHint: {x: 0, y: 0, z: 0}
--- !u!4 &4487782692647618
Transform:
  m_ObjectHideFlags: 1
  m_PrefabParentObject: {fileID: 0}
  m_PrefabInternal: {fileID: 100100000}
  m_GameObject: {fileID: 1908653179751684}
  m_LocalRotation: {x: -0, y: -0, z: -0.2916771, w: 0.95651686}
  m_LocalPosition: {x: 0.14499997, y: 0.07999999, z: 0}
  m_LocalScale: {x: 0.7142857, y: 0.7142857, z: 0.07142857}
  m_Children: []
  m_Father: {fileID: 4707772360210540}
  m_RootOrder: 1
  m_LocalEulerAnglesHint: {x: 0, y: 0, z: -33.917}
--- !u!4 &4689620565273998
Transform:
  m_ObjectHideFlags: 1
  m_PrefabParentObject: {fileID: 0}
  m_PrefabInternal: {fileID: 100100000}
  m_GameObject: {fileID: 1010244867727664}
  m_LocalRotation: {x: 0, y: 0, z: 0, w: 1}
  m_LocalPosition: {x: 0, y: 0, z: 0}
  m_LocalScale: {x: 1, y: 1, z: 1}
  m_Children: []
  m_Father: {fileID: 4707772360210540}
  m_RootOrder: 3
  m_LocalEulerAnglesHint: {x: 0, y: 0, z: 0}
--- !u!4 &4707772360210540
Transform:
  m_ObjectHideFlags: 1
  m_PrefabParentObject: {fileID: 0}
  m_PrefabInternal: {fileID: 100100000}
  m_GameObject: {fileID: 1969367586233660}
  m_LocalRotation: {x: 0, y: 0, z: 0, w: 1}
  m_LocalPosition: {x: -6.96, y: -1.61, z: 0}
  m_LocalScale: {x: 14, y: 14, z: 14}
  m_Children:
  - {fileID: 4267937357809174}
  - {fileID: 4487782692647618}
  - {fileID: 224695454537332870}
  - {fileID: 4689620565273998}
  m_Father: {fileID: 0}
  m_RootOrder: 0
  m_LocalEulerAnglesHint: {x: 0, y: 0, z: 0}
--- !u!50 &50309450183085776
Rigidbody2D:
  serializedVersion: 4
  m_ObjectHideFlags: 1
  m_PrefabParentObject: {fileID: 0}
  m_PrefabInternal: {fileID: 100100000}
  m_GameObject: {fileID: 1969367586233660}
  m_BodyType: 0
  m_Simulated: 1
  m_UseFullKinematicContacts: 0
  m_UseAutoMass: 0
  m_Mass: 1
  m_LinearDrag: 0
  m_AngularDrag: 0.05
  m_GravityScale: 3.5
  m_Material: {fileID: 0}
  m_Interpolate: 0
  m_SleepingMode: 1
  m_CollisionDetection: 0
  m_Constraints: 4
--- !u!58 &58548728589919278
CircleCollider2D:
  m_ObjectHideFlags: 1
  m_PrefabParentObject: {fileID: 0}
  m_PrefabInternal: {fileID: 100100000}
  m_GameObject: {fileID: 1010244867727664}
  m_Enabled: 0
  m_Density: 1
  m_Material: {fileID: 0}
  m_IsTrigger: 1
  m_UsedByEffector: 0
  m_UsedByComposite: 0
  m_Offset: {x: 0, y: 0}
  serializedVersion: 2
  m_Radius: 1.2
--- !u!58 &58746600320673320
CircleCollider2D:
  m_ObjectHideFlags: 1
  m_PrefabParentObject: {fileID: 0}
  m_PrefabInternal: {fileID: 100100000}
  m_GameObject: {fileID: 1941356593618798}
  m_Enabled: 0
  m_Density: 1
  m_Material: {fileID: 0}
  m_IsTrigger: 1
  m_UsedByEffector: 0
  m_UsedByComposite: 0
  m_Offset: {x: 0.054666545, y: 0.00055762456}
  serializedVersion: 2
  m_Radius: 0.07279758
--- !u!61 &61739129058502486
BoxCollider2D:
  m_ObjectHideFlags: 1
  m_PrefabParentObject: {fileID: 0}
  m_PrefabInternal: {fileID: 100100000}
  m_GameObject: {fileID: 1969367586233660}
  m_Enabled: 1
  m_Density: 1
  m_Material: {fileID: 0}
  m_IsTrigger: 1
  m_UsedByEffector: 0
  m_UsedByComposite: 0
  m_Offset: {x: 0.000525577, y: 0.009197332}
  m_SpriteTilingProperty:
    border: {x: 0, y: 0, z: 0, w: 0}
    pivot: {x: 0.5, y: 0.5}
    oldSize: {x: 0.16, y: 0.16}
    newSize: {x: 0.18, y: 0.2}
    adaptiveTilingThreshold: 0.5
    drawMode: 0
    adaptiveTiling: 0
  m_AutoTiling: 0
  serializedVersion: 2
  m_Size: {x: 0.10068226, y: 0.11998621}
  m_EdgeRadius: 0
--- !u!61 &61898622062260016
BoxCollider2D:
  m_ObjectHideFlags: 1
  m_PrefabParentObject: {fileID: 0}
  m_PrefabInternal: {fileID: 100100000}
  m_GameObject: {fileID: 1969367586233660}
  m_Enabled: 1
  m_Density: 1
  m_Material: {fileID: 0}
  m_IsTrigger: 0
  m_UsedByEffector: 0
  m_UsedByComposite: 0
  m_Offset: {x: 0.000096060336, y: 0.009510614}
  m_SpriteTilingProperty:
    border: {x: 0, y: 0, z: 0, w: 0}
    pivot: {x: 0.5, y: 0.5}
    oldSize: {x: 0.16, y: 0.16}
    newSize: {x: 0.18, y: 0.2}
    adaptiveTilingThreshold: 0.5
    drawMode: 0
    adaptiveTiling: 0
  m_AutoTiling: 0
  serializedVersion: 2
  m_Size: {x: 0.09996711, y: 0.12082681}
  m_EdgeRadius: 0
--- !u!95 &95111895825308990
Animator:
  serializedVersion: 3
  m_ObjectHideFlags: 1
  m_PrefabParentObject: {fileID: 0}
  m_PrefabInternal: {fileID: 100100000}
  m_GameObject: {fileID: 1969367586233660}
  m_Enabled: 1
  m_Avatar: {fileID: 0}
  m_Controller: {fileID: 9100000, guid: aaaeee1719dda2048896f38587814ff9, type: 2}
  m_CullingMode: 0
  m_UpdateMode: 0
  m_ApplyRootMotion: 0
  m_LinearVelocityBlending: 0
  m_WarningMessage: 
  m_HasTransformHierarchy: 1
  m_AllowConstantClipSamplingOptimization: 1
  m_KeepAnimatorControllerStateOnDisable: 0
--- !u!108 &108106948612839684
Light:
  m_ObjectHideFlags: 1
  m_PrefabParentObject: {fileID: 0}
  m_PrefabInternal: {fileID: 100100000}
  m_GameObject: {fileID: 1491975473513254}
  m_Enabled: 1
  serializedVersion: 8
  m_Type: 2
  m_Color: {r: 1, g: 1, b: 1, a: 1}
  m_Intensity: 5.28
  m_Range: 2.88
  m_SpotAngle: 30
  m_CookieSize: 10
  m_Shadows:
    m_Type: 0
    m_Resolution: -1
    m_CustomResolution: -1
    m_Strength: 1
    m_Bias: 0.05
    m_NormalBias: 0.4
    m_NearPlane: 0.2
  m_Cookie: {fileID: 0}
  m_DrawHalo: 1
  m_Flare: {fileID: 0}
  m_RenderMode: 0
  m_CullingMask:
    serializedVersion: 2
    m_Bits: 4294967295
  m_Lightmapping: 4
  m_AreaSize: {x: 1, y: 1}
  m_BounceIntensity: 1
  m_ColorTemperature: 6570
  m_UseColorTemperature: 0
  m_ShadowRadius: 0
  m_ShadowAngle: 0
--- !u!114 &114032370408113950
MonoBehaviour:
  m_ObjectHideFlags: 1
  m_PrefabParentObject: {fileID: 0}
  m_PrefabInternal: {fileID: 100100000}
  m_GameObject: {fileID: 1969367586233660}
  m_Enabled: 1
  m_EditorHideFlags: 0
  m_Script: {fileID: 11500000, guid: 8fc1d120097130b48bb1713fdda8abab, type: 3}
  m_Name: 
  m_EditorClassIdentifier: 
  weaponCount: 0
  player: {fileID: 0}
  showFullBox: 0
--- !u!114 &114068534689299946
MonoBehaviour:
  m_ObjectHideFlags: 1
  m_PrefabParentObject: {fileID: 0}
  m_PrefabInternal: {fileID: 100100000}
  m_GameObject: {fileID: 1969367586233660}
  m_Enabled: 1
  m_EditorHideFlags: 0
  m_Script: {fileID: 11500000, guid: bc338f92211b20c409de4aa1145a6326, type: 3}
  m_Name: 
  m_EditorClassIdentifier: 
  regularMoffi: {fileID: 21300000, guid: 4c2e5e4098daf224688b7ad34966842d, type: 3}
  rockMoffi: {fileID: 21300000, guid: e5345891c294f7544b41975fb04d1830, type: 3}
  player: {fileID: 0}
  rockChange: 0
--- !u!114 &114226788922194502
MonoBehaviour:
  m_ObjectHideFlags: 1
  m_PrefabParentObject: {fileID: 0}
  m_PrefabInternal: {fileID: 100100000}
  m_GameObject: {fileID: 1969367586233660}
  m_Enabled: 1
  m_EditorHideFlags: 0
  m_Script: {fileID: 11500000, guid: 91257967de394544d9739c6553ceff63, type: 3}
  m_Name: 
  m_EditorClassIdentifier: 
  indexItems: 0
  itemList:
  - {fileID: 1351911494072874, guid: 2c9b821c1c0734b4eb917a2755ce51d1, type: 2}
  - {fileID: 1366400857533522, guid: 7d2686986fcec1c458defe0fffb71268, type: 2}
  - {fileID: 1124541088665556, guid: 8e598d4f53231d24cac9867ce82c8fce, type: 2}
  - {fileID: 1727141255000614, guid: bdc3389dce63e9d45b3747fbe09aba9d, type: 2}
  - {fileID: 1427381832707560, guid: a494548a1af62c54d878846ff81d1005, type: 2}
  - {fileID: 0}
  - {fileID: 0}
  itemBox: []
  itemBoxController: {fileID: 0}
  Status: 0
--- !u!114 &114251545827597466
MonoBehaviour:
  m_ObjectHideFlags: 1
  m_PrefabParentObject: {fileID: 0}
  m_PrefabInternal: {fileID: 100100000}
  m_GameObject: {fileID: 1969367586233660}
  m_Enabled: 1
  m_EditorHideFlags: 0
  m_Script: {fileID: 11500000, guid: d76c7cee0662e244eb7f3f4612f3f648, type: 3}
  m_Name: 
  m_EditorClassIdentifier: 
  target: {fileID: 0}
  throwPoint: {fileID: 4707772360210540}
  timeTillHit: 1
  player: {fileID: 114490030433494932}
  weaponAmmos: {fileID: 0}
  _fireRate: 0.45
  _bombPrefab: {fileID: 1783645479363710, guid: d49654cbdcf9beb4c8e1a08aad3abe7e,
    type: 2}
--- !u!114 &114403298942967272
MonoBehaviour:
  m_ObjectHideFlags: 1
  m_PrefabParentObject: {fileID: 0}
  m_PrefabInternal: {fileID: 100100000}
  m_GameObject: {fileID: 1969367586233660}
  m_Enabled: 1
  m_EditorHideFlags: 0
  m_Script: {fileID: 11500000, guid: 8fc1d120097130b48bb1713fdda8abab, type: 3}
  m_Name: 
  m_EditorClassIdentifier: 
  weaponCount: 0
  player: {fileID: 0}
  showFullBox: 0
--- !u!114 &114440861887230726
MonoBehaviour:
  m_ObjectHideFlags: 1
  m_PrefabParentObject: {fileID: 0}
  m_PrefabInternal: {fileID: 100100000}
  m_GameObject: {fileID: 1010244867727664}
  m_Enabled: 1
  m_EditorHideFlags: 0
  m_Script: {fileID: 11500000, guid: 313fa6006cfd0be4d972616a4f37d2ad, type: 3}
  m_Name: 
  m_EditorClassIdentifier: 
  quantity: 11
  oneTime: 0
  player: {fileID: 114490030433494932}
  enemyAI: {fileID: 0}
  cooldown: 0
  coll: {fileID: 58548728589919278}
--- !u!114 &114490030433494932
MonoBehaviour:
  m_ObjectHideFlags: 1
  m_PrefabParentObject: {fileID: 0}
  m_PrefabInternal: {fileID: 100100000}
  m_GameObject: {fileID: 1969367586233660}
  m_Enabled: 1
  m_EditorHideFlags: 0
  m_Script: {fileID: 11500000, guid: c5115c3a249f0144182bbca671cb9618, type: 3}
  m_Name: 
  m_EditorClassIdentifier: 
  _speed: 5
  pLives: 3
  jumpHeight: {x: 0, y: 15}
  _jumpSFX: {fileID: 8300000, guid: ee4dedc947c5e3f4ab6f6b8083ee222a, type: 3}
  _projectileSFX: {fileID: 8300000, guid: 9db9660cf6e0b2b4e932c8c7bd753d6a, type: 3}
  _isOnGround: 0
  _isInWater: 0
  pDirection: {x: 0, y: 0}
  isRight: 1
  isLeft: 0
  _projectile: {fileID: 1868713495137438, guid: 00cec5f4ca740d742a50afb861b9220d,
    type: 2}
  _fireProjectile: {fileID: 1787509045972806, guid: 65bda9563b03e124592928445cdb620f,
    type: 2}
  _fireRate: 0.45
  hasStaff: 0
  hasSword: 0
  hasWhip: 0
  hasFire: 0
  hasRock: 0
  hasProjectile: 0
  hasBomb: 0
  permProjectile: 1
  permBomb: 1
  permRock: 1
  permFire: 1
  permWhip: 1
  permSword: 1
  permStaff: 1
  canMove: 0
  damageTaken: 0
  isStrong: 0
  Souls: 0
  hitsTaken: 0
  rockSpriteChange: {fileID: 0}
  weaponAmmos: {fileID: 0}
  invulTime: 2.5
  invulnerable: 0
  coll: {fileID: 61739129058502486}
  originalColl: {fileID: 61898622062260016}
--- !u!114 &114506875966634024
MonoBehaviour:
  m_ObjectHideFlags: 1
  m_PrefabParentObject: {fileID: 0}
  m_PrefabInternal: {fileID: 100100000}
  m_GameObject: {fileID: 1969367586233660}
  m_Enabled: 1
  m_EditorHideFlags: 0
  m_Script: {fileID: 11500000, guid: f13fd7e0824bf6149868fdef48ec4bb1, type: 3}
  m_Name: 
  m_EditorClassIdentifier: 
  player: {fileID: 0}
  weaponAmmos: {fileID: 0}
  Sword: {fileID: 1908653179751684}
  swordProjectile: {fileID: 1453275827006462, guid: 7f091ac1fee02424eba1f3d54e824342,
    type: 2}
--- !u!114 &114576847309612738
MonoBehaviour:
  m_ObjectHideFlags: 1
  m_PrefabParentObject: {fileID: 0}
  m_PrefabInternal: {fileID: 100100000}
  m_GameObject: {fileID: 1969367586233660}
  m_Enabled: 0
  m_EditorHideFlags: 0
  m_Script: {fileID: 0}
  m_Name: 
  m_EditorClassIdentifier: 
--- !u!114 &114601014325258538
MonoBehaviour:
  m_ObjectHideFlags: 1
  m_PrefabParentObject: {fileID: 0}
  m_PrefabInternal: {fileID: 100100000}
  m_GameObject: {fileID: 1969367586233660}
  m_Enabled: 1
  m_EditorHideFlags: 0
  m_Script: {fileID: 11500000, guid: 7f5e3a3ada8ae464a9193d08d05566ac, type: 3}
  m_Name: 
  m_EditorClassIdentifier: 
  totalFireAmmo: 30
  totalBombAmmo: 25
  totalStoneAmmo: 15
  totalSwordAmmo: 45
  totalWhipAmmo: 10
  totalProjectileAmmo: 50
  currentFireAmmo: 20
  currentBombAmmo: 10
  currentStoneAmmo: 5
  currentSwordAmmo: 30
  currentWhipAmmo: 0
  currentProjectileAmmo: 35
--- !u!114 &114885105191240372
MonoBehaviour:
  m_ObjectHideFlags: 1
  m_PrefabParentObject: {fileID: 0}
  m_PrefabInternal: {fileID: 100100000}
  m_GameObject: {fileID: 1969367586233660}
  m_Enabled: 1
  m_EditorHideFlags: 0
  m_Script: {fileID: 11500000, guid: 297e6b5c355cc83409be2429e96866c1, type: 3}
  m_Name: 
  m_EditorClassIdentifier: 
  player: {fileID: 0}
  coll: {fileID: 58746600320673320}
  staffSpr: {fileID: 212044722031988708}
  _fireRate: 0.45
--- !u!212 &212044722031988708
SpriteRenderer:
  m_ObjectHideFlags: 1
  m_PrefabParentObject: {fileID: 0}
  m_PrefabInternal: {fileID: 100100000}
  m_GameObject: {fileID: 1941356593618798}
  m_Enabled: 0
  m_CastShadows: 0
  m_ReceiveShadows: 0
  m_DynamicOccludee: 1
  m_MotionVectors: 1
  m_LightProbeUsage: 1
  m_ReflectionProbeUsage: 1
  m_RenderingLayerMask: 4294967295
  m_Materials:
  - {fileID: 10754, guid: 0000000000000000f000000000000000, type: 0}
  m_StaticBatchInfo:
    firstSubMesh: 0
    subMeshCount: 0
  m_StaticBatchRoot: {fileID: 0}
  m_ProbeAnchor: {fileID: 0}
  m_LightProbeVolumeOverride: {fileID: 0}
  m_ScaleInLightmap: 1
  m_PreserveUVs: 0
  m_IgnoreNormalsForChartDetection: 0
  m_ImportantGI: 0
  m_StitchLightmapSeams: 0
  m_SelectedEditorRenderState: 0
  m_MinimumChartSize: 4
  m_AutoUVMaxDistance: 0.5
  m_AutoUVMaxAngle: 89
  m_LightmapParameters: {fileID: 0}
  m_SortingLayerID: 0
  m_SortingLayer: 0
  m_SortingOrder: 0
  m_Sprite: {fileID: 21300000, guid: 5953872c703e3684697221e551884a94, type: 3}
  m_Color: {r: 1, g: 1, b: 1, a: 1}
  m_FlipX: 0
  m_FlipY: 0
  m_DrawMode: 0
  m_Size: {x: 0.18, y: 0.2}
  m_AdaptiveModeThreshold: 0.5
  m_SpriteTileMode: 0
  m_WasSpriteAssigned: 1
  m_MaskInteraction: 0
--- !u!212 &212206717809995656
SpriteRenderer:
  m_ObjectHideFlags: 1
  m_PrefabParentObject: {fileID: 0}
  m_PrefabInternal: {fileID: 100100000}
  m_GameObject: {fileID: 1908653179751684}
  m_Enabled: 1
  m_CastShadows: 0
  m_ReceiveShadows: 0
  m_DynamicOccludee: 1
  m_MotionVectors: 1
  m_LightProbeUsage: 1
  m_ReflectionProbeUsage: 1
  m_RenderingLayerMask: 4294967295
  m_Materials:
  - {fileID: 10754, guid: 0000000000000000f000000000000000, type: 0}
  m_StaticBatchInfo:
    firstSubMesh: 0
    subMeshCount: 0
  m_StaticBatchRoot: {fileID: 0}
  m_ProbeAnchor: {fileID: 0}
  m_LightProbeVolumeOverride: {fileID: 0}
  m_ScaleInLightmap: 1
  m_PreserveUVs: 0
  m_IgnoreNormalsForChartDetection: 0
  m_ImportantGI: 0
  m_StitchLightmapSeams: 0
  m_SelectedEditorRenderState: 0
  m_MinimumChartSize: 4
  m_AutoUVMaxDistance: 0.5
  m_AutoUVMaxAngle: 89
  m_LightmapParameters: {fileID: 0}
  m_SortingLayerID: 0
  m_SortingLayer: 0
  m_SortingOrder: 2
  m_Sprite: {fileID: 21300000, guid: 28cf2bc7a77c908409fe2bd02e7e97e2, type: 3}
  m_Color: {r: 1, g: 1, b: 1, a: 1}
  m_FlipX: 0
  m_FlipY: 0
  m_DrawMode: 0
  m_Size: {x: 0.16, y: 0.32}
  m_AdaptiveModeThreshold: 0.5
  m_SpriteTileMode: 0
  m_WasSpriteAssigned: 1
  m_MaskInteraction: 0
--- !u!212 &212792394804026588
SpriteRenderer:
  m_ObjectHideFlags: 1
  m_PrefabParentObject: {fileID: 0}
  m_PrefabInternal: {fileID: 100100000}
  m_GameObject: {fileID: 1969367586233660}
  m_Enabled: 1
  m_CastShadows: 0
  m_ReceiveShadows: 0
  m_DynamicOccludee: 1
  m_MotionVectors: 1
  m_LightProbeUsage: 1
  m_ReflectionProbeUsage: 1
  m_RenderingLayerMask: 4294967295
  m_Materials:
  - {fileID: 2100000, guid: d664d717e94069a4ca8d91f2e1c7e3cb, type: 2}
  m_StaticBatchInfo:
    firstSubMesh: 0
    subMeshCount: 0
  m_StaticBatchRoot: {fileID: 0}
  m_ProbeAnchor: {fileID: 0}
  m_LightProbeVolumeOverride: {fileID: 0}
  m_ScaleInLightmap: 1
  m_PreserveUVs: 0
  m_IgnoreNormalsForChartDetection: 0
  m_ImportantGI: 0
  m_StitchLightmapSeams: 0
  m_SelectedEditorRenderState: 0
  m_MinimumChartSize: 4
  m_AutoUVMaxDistance: 0.5
  m_AutoUVMaxAngle: 89
  m_LightmapParameters: {fileID: 0}
  m_SortingLayerID: 0
  m_SortingLayer: 0
  m_SortingOrder: 1
  m_Sprite: {fileID: 21300000, guid: 4c2e5e4098daf224688b7ad34966842d, type: 3}
  m_Color: {r: 1, g: 1, b: 1, a: 1}
  m_FlipX: 0
  m_FlipY: 0
  m_DrawMode: 0
  m_Size: {x: 0.18, y: 0.2}
  m_AdaptiveModeThreshold: 0.5
  m_SpriteTileMode: 0
  m_WasSpriteAssigned: 1
  m_MaskInteraction: 0
--- !u!224 &224695454537332870
RectTransform:
  m_ObjectHideFlags: 1
  m_PrefabParentObject: {fileID: 0}
  m_PrefabInternal: {fileID: 100100000}
  m_GameObject: {fileID: 1941356593618798}
  m_LocalRotation: {x: -0, y: -0, z: -0.16627562, w: 0.98607934}
  m_LocalPosition: {x: 0, y: 0, z: 0}
  m_LocalScale: {x: 1, y: 1, z: 1}
  m_Children: []
  m_Father: {fileID: 4707772360210540}
  m_RootOrder: 2
  m_LocalEulerAnglesHint: {x: 0, y: 0, z: -19.143002}
  m_AnchorMin: {x: 0.5, y: 0.5}
  m_AnchorMax: {x: 0.5, y: 0.5}
  m_AnchoredPosition: {x: 0.081, y: 0.032}
  m_SizeDelta: {x: 100, y: 100}
  m_Pivot: {x: 0.5, y: 0.5}
